% Encoding: UTF-8

@article{bedford2001,
title={Probability Density Decomposition for Conditionally Dependent Random Variables Modeled by Vines},
author={Bedford, Tim and Cooke, Roger M},
journal={Annals of Mathematics and Artificial Intelligence},
volume={32},
number={1},
pages={245--268},
year={2001}}

@article{杨子晖2018,
  title={我国金融机构系统性金融风险度量与跨部门风险溢出效应研究},
  author={杨子晖 and 陈雨恬 and 谢锐楷},
  journal={金融研究},
  number={10},
  pages={19--37},
  year={2018}
}

